% Encoding: UTF-8

@Misc{methods,
  note = {Materials and methods are available as supplementary material},
}

@Article{example,
  author  = {{Author}, A. N.},
  title   = {An example reference},
  journal = {Journal of Improbable Research},
  year    = {2020},
  volume  = {1},
  pages   = {67},
}

@Article{example2,
  author  = {{Surname}, Firstname Middlename and {Author}, Second},
  title   = {A second example},
  journal = {Interesting Research Letters},
  year    = {2019},
  volume  = {32},
  pages   = {897},
}

@Book{sm_example,
  title     = {A supplementary reference},
  publisher = {Imaginary publisher},
  year      = {2021},
  author    = {Textbooks, Writer of},
}

@Conference{conference_example,
  author    = {One, Researcher and Two, Researcher},
  title     = {A talk given at a meeting},
  booktitle = {Proceedings of an Example Conference},
  year      = {2020},
  editor    = {Scientist, Distinguished},
  volume    = {54},
  series    = {Series name},
  pages     = {22},
}

@Article{example_preprint,
  author = {{One}, Person and {Two}, Person and {Three}, Person},
  title  = {{An unpublished preprint}},
  year   = {2021},
  note   = {arXiv:2101.12345},
}

@Misc{dataset,
  author       = {{Author}, First},
  howpublished = {Repository name},
  title        = {An example dataset, version number},
  year         = {2021},
  doi          = {10.1000.dataset-DOI},
}

@Misc{example_url,
  title        = {The title of a web page},
  howpublished = {Website name},
  url          = {http://example.com/page},
}

%%%%%%%%%%%%%%%%%%%%%%%%%%%%%%%%%%%%%%%%%%%%%%%%%%%%%%%%%%%%%%%%%%%%%%%%%%%%%%%%

@book {green2023get,
  title = {Get Out the Vote: How to Increase Voter Turnout},
  author = {Green, D. P. and Gerber, A. S.},
  publisher = {Rowman \& Littlefield},
  edition = {5},
  year = {2023}
}

@article{ansolabehere2003why,
  title = {Why is there so little money in {US} politics?},
  author = {Ansolabehere, S. and de Figuieredo, J. M. and Snyder Jr., J. M.},
  journal = {Journal of Economic Perspectives},
  volume = {17},
  number = {1},
  pages = {105--130},
  year = {2003}
}

@article{tullock1972purchase,
  title = {The Purchase of Politicians},
  author = {Tullock, G.},
  journal = {Western Economic Journal},
  volume = {10},
  number = {3},
  pages = {354--355},
  year = {1972}
}

@article{grossman1994protection,
  title = {Protection for Sale},
  author = {Grossman, G. and Helpman, E.},
  journal = {American Economic Review},
  volume = {84},
  number = {4},
  pages = {833--850},
  year = {1994}
}

@book{grossman2001special,
  title = {Special Interest Politics},
  author = {Grossman, G. and Helpman, E.},
  publisher = {MIT Press},
  year = {2001}
}

@article{stromberg2008how,
  title = {How the Electoral College Influences Campaigns and Policy: The Probability of Being {Florida}},
  author = {Str{\"o}mberg, D.},
  journal = {American Economic Review},
  volume = {98},
  number = {3},
  pages = {769--807},
  year = {2008}
}

@book{norris2016checkbook,
  title = {Checkbook Elections? Political Finance in Comparative Perspective},
  author = {Norris, P. and van Es, A.},
  publisher = {Oxford University Press},
  year = {2016}
}

@article{spenkuch2018political,
  title = {Political Advertising and Election Results},
  author = {Spenkuch, J. and Toniatti, D.},
  journal = {Quarterly Journal of Economics},
  volume = {133},
  number = {4},
  pages = {1981--2036},
  year = {2018}
}

@article{sides2021effect,
  title = {The Effect of Television Advertising in {United States} Elections},
  author = {Sides, J. and Vareck, C. and Warshaw, C.},
  journal = {American Political Science Review},
  volume = {116},
  number = {2},
  pages = {702--718},
  year = {2021}
}

@incollection{briffault2016united,
  title = {{The United States}},
  author = {Briffault, R.},
  booktitle = {Checkbook Elections? Political Finance in Comparative Perspective},
  publisher = {Oxford University Press},
  year = {2016},
  pages = {177--196}
}

@book{alexander1988financing,
  title = {Financing the 1984 Election},
  author = {Alexander, H. and Haggerty, B.},
  publisher = {Lexington Books},
  year = {1988}
}

@article{forbes1984,
  title = {The Forbes Four Hundred},
  journal = {Forbes},
  volume = {134},
  number = {8},
  pages = {69--165},
  year = {1984}
}

@article{lafranco2025forbes,
  title = {Forbe's World's Billionaires List},
  author = {Peterson-Withorn, C. and others},
  journal = {Forbes},
  volume = {207},
  number = {2},
  pages = {72--89},
  year = {2025},
  url = {https://www.forbes.com/billionaires/},
  note = {Accessed April 19, 2025}
}

@article{epstein2025liberal,
  title = {Liberal Wins {Wisconsin} Court Race, Despite {Musk's} Millions},
  author = {Epstein, R. J.},
  year = {2025},
  month = {April},
  date = {1},
  journal = {New York Times},
  note = {Accessed March 19, 2025}
}

@book{ferguson1995golden,
  title = {Golden Rule: The Investment Theory of Party Competition and the Logic of Money-Driven Political Systems},
  author = {Ferguson, T.},
  publisher = {University of Chicago Press},
  year = {1995}
}

@article{gelman2014twentieth,
  title = {The twentieth-century reversal: How did the {Republican} states switch to the {Democrats} and vice versa?},
  author = {Gelman, A.},
  journal = {Statistics and Public Policy},
  volume = {1},
  number = {1},
  pages = {1--5},
  year = {2014}
}

@article{gelman2024grappling,
  title = {Grappling with uncertainty in forecasting the 2024 {U.S.} presidential election},
  author = {Gelman, A. and Goodrich, B. and Han, G.},
  journal = {Harvard Data Science Review},
  volume = {6},
  number = {4},
  year = {2024}
}

@article{nickerson2020campaigns,
  title={Campaigns influence election outcomes less than you think},
  author={Nickerson, David W and Rogers, Todd},
  journal={Science},
  volume={369},
  number={6508},
  pages={1181--1182},
  year={2020},
  publisher={American Association for the Advancement of Science}
}

@misc{buckley1976,
  author = {{Buckley v. Valeo}},
  title = {{424 U.S. 1}},
  year = {1976}
}

@misc{citizens2010,
  author = {{Citizens United v. Federal Election Commission}},
  title = {{558 U.S. 310}},
  year = {2010}
}

@misc{opensecrets2024top,
  title = {Top Individual Contributors: All Federal Contributions, 2023--2024},
  howpublished = {OpenSecrets},
  year = {2025},
  month = {February},
  date = {2},
  url = {https://www.opensecrets.org/elections-overview/biggest-donors},
  note = {Accessed April 19, 2025}
}

@misc{opensecrets2024total,
  title = {Total Cost of Election (1990--2024)},
  howpublished = {OpenSecrets},
  year = {2025},
  url = {https://www.opensecrets.org/elections-overview/cost-of-election},
  note = {Accessed April 19, 2025}
}

@article{schleifer2024musk,
  title = {Musk's \$1 Million Offer Raises New Legal Questions},
  author = {Schleifer, T.},
  year = {2024},
  month = {October},
  date = {20},
  journal = {New York Times},
  note = {Accessed April 19, 2025}
}

@misc{cpr2024electoral,
  title = {2024 {CPR} Electoral College Ratings},
  howpublished = {Cook Political Report},
  year = {2024},
  month = {November},
  date = {4},
  url = {https://www.cookpolitical.com/ratings/presidential-race-ratings},
  note = {Accessed April 19, 2025}
}

@misc{mit2017us,
  title = {{U.S.} President 1976--2020},
  author = {MIT Election Data and Science Lab},
  howpublished = {Harvard Dataverse},
  year = {2024},
  doi = {10.7910/DVN/42MVDX},
  note = {version 8}
}

@misc{fred2024,
  title = {Annual Estimates of the Population for the {U.S.} and States, and for {Puerto Rico}},
  author = {Federal Reserve Bank of St. Louis},
  howpublished = {FRED},
  year = {2024},
  url = {https://fred.stlouisfed.org/release?rid=118},
  note = {Accessed March 25, 2025}
}

@article{brown2007formulating,
  title = {Formulating Integer Linear Programs: A Rogues' Gallery},
  author = {Brown, G. G. and Dell, R. F.},
  journal = {INFORMS Transactions on Education},
  volume = {7},
  number = {2},
  pages = {153--159},
  year = {2007},
  doi = {10.1287/ited.7.2.153}
}

@article{dunning2017jump,
  title = {{JuMP}: A Modeling Language for Mathematical Optimization},
  author = {Dunning, I. and Huchette, J. and Lubin, M.},
  journal = {SIAM Review},
  volume = {59},
  number = {2},
  pages = {295--320},
  doi = {10.1137/15M1020575},
  year = {2017}
}

@techreport{gurobi2024,
  title = {Gurobi Optimizer Reference Manual},
  howpublished = {Gurobi Optimization, LLC},
  year = {2025},
  url = {https://www.gurobi.com/documentation/12.0/refman/index.html},
  note = {Accessed April 19, 2025}
}

@Comment{jabref-meta: databaseType:bibtex;}
